@book{kevin,
title	= {Machine learning: a probabilistic perspective},
author	= {Kevin P Murphy},
year	= {2012},
address	= {Cambridge, MA}
}
